@inproceedings{isola2017image,
  title={Image-to-image translation with conditional adversarial networks},
  author={Isola, Phillip and Zhu, Jun-Yan and Zhou, Tinghui and Efros, Alexei A},
  booktitle={Proceedings of the IEEE conference on computer vision and pattern recognition},
  pages={1125--1134},
  year={2017}
}
@misc{berkeley2017,
  title={Pix2Pix Datasets [data]},
  author={{University of California, Berkeley}},
  note ={data retrieved from 
         \url{http://efrosgans.eecs.berkeley.edu/pix2pix/datasets}},
  year={2017}
}
@article{mirza2014conditional,
  title={Conditional generative adversarial nets},
  author={Mirza, Mehdi and Osindero, Simon},
  journal={arXiv preprint arXiv:1411.1784},
  year={2014}
}
@article{goodfellow2014generative,
  title={Generative adversarial nets},
  author={Goodfellow, Ian and Pouget-Abadie, Jean and Mirza, Mehdi and Xu, Bing and Warde-Farley, David and Ozair, Sherjil and Courville, Aaron and Bengio, Yoshua},
  journal={Advances in neural information processing systems},
  volume={27},
  year={2014}
}


@misc{googledevelopers2019ganstructureimage,
  title={Overview of GAN Structure },
  author={Google Developers},
  year={2019},
  note ={image retrieved from 
         \url{https://developers.google.com/machine-learning/gan/gan_structure}}
 }

@misc{olaf2015unetimage,
  title={Overview of GAN Structure },
  author={Ronneberger, Olaf and Fischer, Philipp and Brox, Thomas},
  year={2015},
  note={image retrieved from 
         \url{https://lmb.informatik.uni-freiburg.de/people/ronneber/u-net/}}
 }
 
 @misc{nayak2019cganimage,
  title={High-Level CGANâ€™s Architecture Diagram},
  author={Nayak, Manish},
  year={2019},
  note={image retrieved from 
         \url{https://medium.datadriveninvestor.com/an-introduction-to-conditional-gans-cgans-727d1f5bb011}}
 }